<?xml version="1.0" encoding="UTF-8"?><collection xmlns="http://www.loc.gov/MARC21/slim"><record><leader>00370nam--2200109-i-4500</leader><controlfield tag="001">000007044</controlfield><controlfield tag="002">20161230</controlfield><controlfield tag="005">20161230201027</controlfield><controlfield tag="008">060222s1000------------r-----000-0-eng-d</controlfield><datafield ind1=" " ind2=" " tag="245"><subfield code="a">Atomic anergy act, 1948. together with procla mations and government notices and nuclear ins tallations act, 1963</subfield></datafield><datafield ind1=" " ind2=" " tag="260"><subfield code="a">Pretoria, Cape &amp; Transvaal Printers Ltd., 1963 139 P</subfield></datafield><datafield ind1=" " ind2=" " tag="852"><subfield code="a">20469</subfield></datafield></record></collection>